<record><leader>00000cas a22000007a 4500</leader><controlfield tag="001">10255940</controlfield><controlfield tag="008">831229d18741877paudn ne      0    0eng d</controlfield><datafield ind1=" " ind2=" " tag="010"><subfield code="a">sn 83032329 </subfield></datafield><datafield ind1=" " ind2=" " tag="040"><subfield code="a">NPU</subfield><subfield code="b">eng</subfield><subfield code="c">NPU</subfield><subfield code="d">NPH</subfield><subfield code="d">NPX</subfield><subfield code="d">NPH</subfield><subfield code="d">OCLCQ</subfield></datafield><datafield ind1=" " ind2=" " tag="042"><subfield code="a">msc</subfield></datafield><datafield ind1="0" ind2="0" tag="245"><subfield code="a">Philadelphia evening chronicle.</subfield></datafield><datafield ind1="1" ind2="3" tag="246"><subfield code="a">Chronicle</subfield></datafield><datafield ind1=" " ind2=" " tag="260"><subfield code="a">Philadelphia, Pa. :</subfield><subfield code="b">[s.n.]</subfield></datafield><datafield ind1=" " ind2=" " tag="300"><subfield code="a">v. ;</subfield><subfield code="c">59 cm.</subfield></datafield><datafield ind1=" " ind2=" " tag="310"><subfield code="a">Daily (except Sun.)</subfield></datafield><datafield ind1="1" ind2=" " tag="362"><subfield code="a">Began in 1874; ceased in 1877.</subfield><subfield code="z">Cf. Pa. Hist. Commission. Checklist of Pa. newspapers.</subfield></datafield><datafield ind1=" " ind2=" " tag="500"><subfield code="a">Publisher: Dennis F. Dealy, &lt;Nov. 9, 1874-Aug. 2, 1876&gt;.</subfield></datafield><datafield ind1=" " ind2=" " tag="580"><subfield code="a">Continues: Germantown daily chronicle. Cf. Pa. Hist. Commission.</subfield></datafield><datafield ind1=" " ind2=" " tag="588"><subfield code="a">Description based on: Vol. 12, no. 135 (Oct. 9, 1874).</subfield></datafield><datafield ind1=" " ind2=" " tag="752"><subfield code="a">United States</subfield><subfield code="b">Pennsylvania</subfield><subfield code="c">Philadelphia</subfield><subfield code="d">Philadelphia.</subfield></datafield><datafield ind1="1" ind2="0" tag="780"><subfield code="t">Germantown daily chronicle</subfield><subfield code="w">(DLC)sn 83032121</subfield></datafield><datafield ind1="0" ind2="7" tag="785"><subfield code="t">Philadelphia evening herald</subfield><subfield code="w">(DLC)sn 87079913</subfield></datafield><datafield ind1="0" ind2="7" tag="785"><subfield code="t">Philadelphia chronicle-herald</subfield><subfield code="w">(DLC)sn 87080151</subfield><subfield code="w">(OCoLC)15157751</subfield></datafield><datafield ind1="1" ind2=" " tag="029"><subfield code="a">AU@</subfield><subfield code="b">000025836645</subfield></datafield></record>